% Encoding: UTF-8

@TechReport{anexo2actualizado,
  author      = {Herrera-Lozada and Vasquez-Gomez},
  title       = {Anexo 2 Proyecto 1507 actualizado, \url{https://jivasquez.files.wordpress.com/2019/09/anexo2-actualizacic3b3n-2018.pdf}},
  institution = {Insituto Polit√©cnico Nacional},
  year        = {2019},
  url         = {https://jivasquez.files.wordpress.com/2019/09/anexo2-actualizacic3b3n-2018.pdf},
}

@TechReport{proyecto1507,
  author      = {Herrera-Lozada, JC},
  title       = {Proyecto 1507: Arquitecturas de sistemas embebidos para la investigacion cientifica y la integracion de tecnologias \url{https://jivasquez.files.wordpress.com/2019/09/proyecto1507.pdf}},
  institution = {Instituto Politecnico Nacional},
  year        = {2014},
}

@Comment{jabref-meta: databaseType:bibtex;}
