% Encoding: UTF-8
% The fields year_reported and moth_reported are used for reports building. Year and month are the date for the publication itself.
% You need to add manually those dates
% As a convention I take the date of acceptation as the report date.
% DOI should include the full link and a / at the end

@InProceedings{vasquez2009view,
  author       = {Vasquez-Gomez, Juan Irving and Lopez-Damian, Efraín and Sucar, Luis Enrique},
  title        = {View planning for 3D object reconstruction},
  booktitle    = {2009 IEEE/RSJ International Conference on Intelligent Robots and Systems (IROS)},
  year         = {2009},
  pages        = {4015--4020},
  month        = {10},
  organization = {IEEE},
  note         = {proceedings},
  year_reported = {2009},
  month_reported = {10},
  doi = {https://doi.org/10.1109/IROS.2009.5354383},
}

@Article{vasquez2014volumetric,
  author    = {Vasquez-Gomez, J Irving and Sucar, L Enrique and Murrieta-Cid, Rafael and Lopez-Damian, Efrain},
  title     = {Volumetric next-best-view planning for 3d object reconstruction with positioning error},
  journal   = {International Journal of Advanced Robotic Systems},
  year      = {2014},
  volume    = {11},
  number    = {10},
  pages     = {159},
  month     = {10},
  note      = {jcr},
  if        = {0.526},
  publisher = {SAGE Publications Sage UK: London, England},
  year_reported = {2014},
  month_reported = {10},
  doi = {https://doi.org/10.5772%2F58759},
}

@InProceedings{vasquez2013hierarchical,
  author       = {Vasquez-Gomez, J Irving and Sucar, L Enrique and Murrieta-Cid, Rafael},
  title        = {Hierarchical ray tracing for fast volumetric next-best-view planning},
  booktitle    = {2013 International Conference on Computer and Robot Vision (CRV)},
  year         = {2013},
  pages        = {181--187},
  month        = {05},
  organization = {IEEE},
  note         = {proceedings},
  year_reported = {2013},
  month_reported = {05},
}

@InProceedings{vasquez2014view,
  author       = {Vasquez-Gomez, J Irving and Sucar, L Enrique and Murrieta-Cid, Rafael},
  title        = {View planning for 3d object reconstruction with a mobile manipulator robot},
  booktitle    = {2014 IEEE/RSJ International Conference on Intelligent Robots and Systems (IROS)},
  year         = {2014},
  pages        = {4227--4233},
  month        = {09},
  organization = {IEEE},
  note         = {proceedings},
  year_reported = {2014},
  month_reported = {09},
  doi = {https://doi.org/10.1109/IROS.2014.6943158},
}

@Article{vasquez2017view,
  author    = {Vasquez-Gomez, J Irving and Sucar, L Enrique and Murrieta-Cid, Rafael},
  title     = {View/state planning for three-dimensional object reconstruction under uncertainty},
  journal   = {Autonomous Robots},
  year      = {2017},
  volume    = {41},
  number    = {1},
  pages     = {89--109},
  month     = {12},
  note      = {jcr},
  if        = {2.244},
  publisher = {Springer US},
  year_reported = {2015},
  month_reported = {12},
  doi = {https://doi.org/10.1007/s10514-015-9531-3},
}

@InProceedings{vasquez2016multirotor,
  author       = {Vasquez-Gomez, J Irving and Gomez-Casta{\~n}eda, Cecilia and De Cote, Enrique Mu{\~n}oz and Herrera-Lozada, Juan Carlos},
  title        = {Multirotor uav coverage planning under wind conditions},
  booktitle    = {2016 International Conference on Mechatronics, Electronics and Automotive Engineering (ICMEAE)},
  year         = {2016},
  pages        = {32--37},
  month        = {11},
  organization = {IEEE},
  note         = {proceedings},
  year_reported = {2016},
  month_reported = {11},
}

@InProceedings{vasquez2017spatial,
  author       = {Vasquez-Gomez, Juan Irving and Herrera-Lozada, Juan Carlos and Olguin-Carbajal, Mauricio},
  title        = {Spatial resolution optimization for terrain coverage with UAVs},
  booktitle    = {2017 International Conference on Mechatronics, Electronics and Automotive Engineering (ICMEAE)},
  year         = {2017},
  pages        = {37--42},
  month        = {11},
  organization = {IEEE},
  note         = {proceedings},
  year_reported = {2017},
  month_reported = {11},
}

@Article{vasquez2018tree,
  author    = {Vasquez-Gomez, J Irving and Sucar, L Enrique and Murrieta-Cid, Rafael and Herrera-Lozada, Juan-Carlos},
  title     = {Tree-based search of the next best view/state for three-dimensional object reconstruction},
  journal   = {International Journal of Advanced Robotic Systems},
  year      = {2018},
  volume    = {15},
  number    = {1},
  pages     = {1729881418754575},
  month     = {02},
  note      = {jcr},
  if        = {1.223},
  publisher = {SAGE Publications Sage UK: London, England},
  year_reported = {2018},
  month_reported = {02},
  doi = {https://journals.sagepub.com/doi/10.1177/1729881418754575},
}

@InProceedings{gomez2017optimal,
  author       = {Vasquez-Gomez, Juan Irving and Melchor, Magdalena Marciano and Lozada, Juan Carlos Herrera},
  title        = {Optimal coverage path planning based on the rotating calipers algorithm},
  booktitle    = {2017 International Conference on Mechatronics, Electronics and Automotive Engineering (ICMEAE)},
  year         = {2017},
  pages        = {140--144},
  month        = {11},
  organization = {IEEE},
  note         = {proceedings},
  year_reported = {2017},
  month_reported = {11},
}

@InProceedings{vasquez2018coverage,
  author       = {Vasquez-Gomez, Juan Irving and Herrera-Lozada, Juan-Carlos and Olguin-Carbajal, Mauricio},
  title        = {Coverage path planning for surveying disjoint areas},
  booktitle    = {2018 International Conference on Unmanned Aircraft Systems (ICUAS)},
  year         = {2018},
  pages        = {899--904},
  month        = {06},
  organization = {IEEE},
  note         = {proceedings},
  year_reported = {2018},
  month_reported = {06},
  doi = {https://doi.org/10.1109/ICUAS.2018.8453386},
}

@Article{yervilla2019optimal,
  author    = {Yervilla-Herrera, Heikel and Vasquez-Gomez, J Irving and Murrieta-Cid, Rafael and Becerra, Israel and Sucar, L Enrique},
  title     = {Optimal motion planning and stopping test for 3-D object reconstruction},
  journal   = {Intelligent Service Robotics},
  year      = {2019},
  volume    = {12},
  number    = {1},
  pages     = {103--123},
  month     = {10},
  note      = {jcr},
  if        = {1.346},
  publisher = {Springer Berlin Heidelberg},
  year_reported = {2018},
  month_reported = {10},
  doi = {https://doi.org/10.1007/s11370-018-0264-y},
}

@MastersThesis{jimenez2018sistema,
  author = {Jimenez, Efren Lopez},
  title  = {Sistema embebido para la supervision inteligente de terrenos con vehiculos aereos no tripulados},
  school = {Instituto Politecnico Nacional},
  year   = {2018},
  month  = {07},
  year_reported = {2018},
  month_reported = {07},
  link = {https://jivasquez.files.wordpress.com/2018/12/master_thesis_2018_lopez.pdf},
}

@Article{olguin2018minimum,
  author  = {Olguin Carbajal, Mauricio and Herrera-Lozada, Juan Carlos and Rivera-Zarate, Israel and Serrano-Talamantes, J Felix and Cadena-Martínez, Rodrigo and Vasquez-Gomez, J Irving},
  title   = {Minimum Addition Chains Generation Using Evolutionary Strategies},
  journal = {Computacion y Sistemas},
  year    = {2018},
  volume  = {22},
  number  = {4},
  month   = {10},
  note    = {conacyt},
  if = {N/A},
  year_reported = {2018},
  month_reported = {10},
}

@Article{lopez2019columnar,
  author    = {Lopez-Jimenez, Efren and Vasquez-Gomez, Juan Irving and Sanchez-Acevedo, Miguel Angel and Herrera-Lozada, Juan Carlos and Uriarte-Arcia, Abril Valeria},
  title     = {Columnar cactus recognition in aerial images using a deep learning approach},
  journal   = {Ecological Informatics},
  year      = {2019},
  volume    = {52},
  pages     = {131--138},
  month     = {07},
  note      = {jcr},
  if        = {2.310},
  publisher = {Elsevier},
  year_reported = {2019},
  month_reported = {07},
  doi = {https://doi.org/10.1016/j.ecoinf.2019.05.005},
}

@InProceedings{vasquez2011next,
  author       = {Vasquez, Juan Irving and Sucar, L Enrique},
  title        = {Next-best-view planning for 3d object reconstruction under positioning error},
  booktitle    = {Mexican International Conference on Artificial Intelligence (MICAI)},
  year         = {2011},
  pages        = {429--442},
  month        = {05},
  organization = {Springer},
  note         = {proceedings},
  year_reported = {2011},
  month_reported = {05},
}

@InProceedings{rodriguez2019flying,
  author       = {Rodr{\'\i}guez-Hernandez, Erick and Vasquez-Gomez, Juan Irving and Herrera-Lozada, Juan Carlos},
  title        = {Flying through Gates using a Behavioral Cloning Approach},
  booktitle    = {2019 International Conference on Unmanned Aircraft Systems (ICUAS)},
  year         = {2019},
  pages        = {1353--1358},
  month        = {06},
  organization = {IEEE},
  note         = {proceedings},
  year_reported = {2019},
  month_reported = {06},
  doi = {https://doi.org/10.1109/ICUAS.2019.8798172},
}

@MastersThesis{rodriguez2019clonacion,
  author = {Rodriguez Hernandez, Erick},
  title  = {Clonaci\'on de comportamiento para cruce de pasajes estrechos con VANT},
  school = {Instituto Polit\'ecnico Nacional},
  year   = {2019},
  month  = {08},
  note   = {mastersthesis},
  year_reported = {2019},
  month_reported = {08},
  link = {https://jivasquez.files.wordpress.com/2019/08/tesiserhempastar.pdf},
}

@Article{rodriguez_ks_19,
  author  = {Rodriguez Hernandez, Erick and Vasquez-Gomez, JI},
  title   = {Enseñando a volar a un dron},
  journal = {Komputer Sapiens},
  year    = {2019},
  month   = {01},
  volume  = {11},
  note    = {divulgacion},
  pages   = {8-11},
  year_reported = {2019},
  month_reported = {01},
}

@MastersThesis{mendoza2018nbv,
  author = {Mendoza Guadarrama, Miguel},
  title  = {NBV-Net: Una red neuronal para calcular la siguiente mejor vista},
  school = {Instituto Politécnico Nacional},
  year   = {2018},
  month  = {12},
  year_reported = {2018},
  month_reported = {12},
  link = {https://jivasquez.files.wordpress.com/2018/12/2018_maestria_Mendoza.pdf},
}

%@Unpublished{vasquez2019nbv,
%  author = {Vasquez-Gomez, J.I. and Troncoso, David and Sucar, Enrique and Murrieta-Cid and Becerra, Israel},
%  title  = {NBV-Regression using a Convolutional Neural Network},
%  month  = {08},
%  year   = {2020},
%  note    = {preprint},
%  journal = {Under review in Machine Vision and Applications},
%  year_reported = {2020},
%  month_reported = {05},
%}

%@Article{rodriguez_2018_indice,
%  author  = {Rodriguez-Hernandez, Erick and Vasquez-Gomez, JI},
%  title   = {Indice de vegetación en un área},
%  journal = {Boletín UPIITA},
%  year    = {2018},
%  month   = {11},
%  issn    = {2007-6150},
%  note    = {divulgacion},
%  year_reported = {2018},
%  month_reported = {11},
%}

@Article{vasquez2019coverage,
  author    = {Vasquez-Gomez, Juan Irving and Marciano-Melchor, Magdalena and Valentin, Luis and Herrera-Lozada, Juan Carlos},
  title     = {Coverage Path Planning for 2D Convex Regions},
  journal   = {Journal of Intelligent and Robotic Systems},
  year      = {2020},
  pages     = {81-94},
  volume    = {97},
  month     = {05},
  note      = {jcr},
  if        = {2.020},
  publisher = {Springer Netherlands},
  year_reported = {2019},
  month_reported = {05},
  doi = {https://doi.org/10.1007/s10846-019-01024-y},
}

@Article{olguin2019micro,
  author  = {Olguin-Carbajal, M and Herrera-Lozada, J.C. and Sandoval-Gutierrez, J. and Vasquez-Gomez J.I., and Serrano-Talamantes J.F. and Chavez-Estrada F.A. and Rivera-Zarate, I. and Hernandez-Bolanos, M.},
  title   = {A Micro-DE Algorithm for Continuous Complex Functions},
  journal = {IEEE Access},
  year    = {2019},
  pages   = {172783-172795},
  volume  = {7},
  month   = {12},
  note    = {jcr},
  if      = {4.098},
  year_reported = {2019},
  month_reported = {12},
  doi = {https://doi.org/10.1109/ACCESS.2019.2954296},
}

@Article{vazquez2020environmental,
  author  = {Vazquez-Carmona, Viridiana and Vasquez-Gomez, Juan Irving and Herrera-Lozada, Juan Carlos},
  title   = {Environmental Monitoring using Embedded Systems on UAVs},
  journal = {IEEE Latin America Transactions},
  year    = {2020},
  pages   = {303-310},
  volume  = {18},
  month   = {12},
  note    = {jcr},
  if      = {0.804},
  year_reported = {2019},
  month_reported = {12},
  doi = {https://latamt.ieeer9.org/index.php/transactions/article/view/2891/399},
}

@MastersThesis{vazquez2019sistema,
  author = {Vazquez-Carmona, Viridiana},
  title  = {Sistema electronico para el monitoreo de gases de efecto invernadero utilizando internet de las cosas y vehiculos aereos no tripulados},
  school = {Instituto Polit\'ecnico Nacional},
  year   = {2019},
  month  = {12},
  year_reported = {2019},
  month_reported = {12},
  link = {https://jivasquez.files.wordpress.com/2020/09/2019_maestria_vazquez.pdf},
}

@Article{mendoza2018supervised,
  author  = {Mendoza, Miguel and Vasquez-Gomez, J Irving and Taud, Hind and Sucar, Luis Enrique and Reta, Carolina},
  title   = {Supervised Learning of the Next-Best-View for 3D Object Reconstruction},
  note    = {jcr},
  month   = {02},
  pages   = {1-8},
  year    = {2020},
  if      = {2.810},
  journal = {Pattern Recognition Letters},
  year_reported = {2020},
  month_reported = {02},
  doi = {https://doi.org/10.1016/j.patrec.2020.02.024},
}

@InProceedings{vasquez2020vpl,
  author    = {Vasquez-Gomez, J. Irving},
  title     = {VPL: A view planning library for 3D object reconstruction},
  booktitle = {International Conference on Mechatronics, Electronics and Automotive Engineering 2020 (ICMEAE)},
  year      = {2020},
  month     = {11},
  pages	    = {13-19},
  note      = {proceedings},
  year_reported = {2020},
  month_reported = {11},
  doi = {https://doi.org/10.1109/ICMEAE51770.2020.00010},
}

@Article{vasquez2020next,
author = {Vasquez-Gomez, J Irving and Troncoso, David and Becerra, Israel and Sucar, Enrique and Murrieta-Cid, Rafael},
title = {Next-best-view regression using a 3D Convolutional Neural Network},
note = {jcr},
month = {12},
pages = {1-8},
year = {2021},
if = {1.605},
volume = {42},
journal = {Machine Vision and Applications},
year_reported = {2020},
month_reported = {12},
doi = {https://doi.org/10.1007/s00138-020-01166-2},
}


@Article{flores2021custom,
  author = {Flores-Aquino, Gabriel O. and Vasquez-Gomez, J. Irving and Gutierrez-Frias, O. Octavio},
  title  = {Custom Distribution for Sampling-Based Motion Planning},
  month  = {04},
  year   = {2022},
  note   = {jcr},
  if	= {2.220},
  journal = {Journal of the Brazilian Society of Mechanical Sciences and Engineering},
  year_reported = {2022},
  month_reported = {04},
  volume = {44},
  doi = {https://doi.org/10.1007/s40430-022-03379-0},
  link = {https://arxiv.org/abs/2104.10292},
}


@Article{vazquez2021coverage,
  author = {Vazquez-Carmona, E. Viridiana and Vasquez-Gomez, J. Irving and Herrera Lozada, Juan Carlos and Antonio-Cruz, Mayra},
  title  = {Coverage Path Planning for Spraying Drones},
  month  = {06},
  year   = {2022},
  note    = {jcr},
  if = {5.431},
  journal = {Computers and Industrial Engineering},
  year_reported = {2022},
  volume = {168},
  pages = {108125},
  issn = {0360-8352},
  month_reported = {06},
  doi = {https://doi.org/10.1016/j.cie.2022.108125},
  link = {https://arxiv.org/abs/2105.08743},
}


@InProceedings{vasquez2021priority,
  author    = {Vasquez-Gomez, J. Irving and Taud, Hind},
  title     = {Machine learning based priority read list for the detection of pneumonia in chest x-ray images},
  booktitle = {I Congreso Internacional de Tecnología Aplicada a Ciencias de la Salud},
  year      = {2021},
  month     = {06},
  pages     = {1-6},
  note      = {proceedings},
  year_reported = {2021},
  month_reported = {06},
  doi = {},
}


@Unpublished{uriarte2021sargassum,
  author = {Uriarte-Arcia, Abril; Vasquez, Juan; Taud, Hind; Garcia-Floriano, Andrés; Ventura-Molina, Elias},
  title  = {Coast Sargassum Level Estimation from Smartphone Pictures},
  month  = {09},
  year   = {2021},
  note    = {preprint},
  journal = {Submitted to Ecological Processes},
  year_reported = {2021},
  month_reported = {09},
  link = {https://arxiv.org/abs/3939932},
}


@InProceedings{flores2021twod,
  author = {Gabriel O. Flores-Aquino; Jheison Duvier Díaz Ortega; Ricardo Yahir Almazan Arvizu; Raúl López Muñoz; O. Octavio Gutierrez-Frias; J. Irving Vasquez-Gomez},
  title  = {2D Grid Map Generation for Deep-Learning-based Navigation Approaches},
  booktitle = {2021 International Conference on Mechatronics, Electronics and Automotive Engineering (ICMEAE)},
  month  = {11},
  year   = {2021},
  note    = {proceedings},
  year_reported = {2021},
  month_reported = {10},	
  link = {https://arxiv.org/abs/2110.13242},
}


%@InProceedings{olguin2021,
%  author    = {Juan Carlos Olguin},
%  title     = {Machine learning based priority read list for the detection of pneumonia in chest x-ray images},
%  booktitle = {I Congreso Internacional de Tecnología Aplicada a Ciencias de la Salud},
%  year      = {2021},
%  month     = {06},
%  pages     = {1-6},
%  note      = {proceedings},
%  year_reported = {2021},
%  month_reported = {06},
%  doi = { },
%}


@Article{rodriguez2022unsupervised,
  author = {Rodríguez-Hernandez, Erick; Vasquez, Juan Irving; Duchanoy, Carlos; Taud, Hind},
  title  = {Unsupervised Driving Situation Detection in Latent Space for
Autonomous Cars},
  month  = {04},
  year   = {2022},
  note   = {jcr},
  if	= {2.679},
  journal = {Applied Sciences},
  year_reported = {2022},
  month_reported = {04},
  volume = {12},
  doi = {https://doi.org/10.3390/app12073635},
  link = {https://doi.org/10.3390/app12073635},
}


@Unpublished{olguin2022classification,
  author = {Juan Carlos Olguin-Rojas, Juan Irving Vasquez, Gilberto Castens},
  title  = {Classification of Apples using Convolutional Neural Networks},
  month  = {04},
  year   = {2022},
  note   = {preprint},
  if	= {0},
  journal = {Submitted to RFM},
  year_reported = {2022},
  month_reported = {04},
  volume = {0},
  doi = {},
  link = {},
}

@Comment{jabref-meta: databaseType:bibtex;}
